%% This BibTeX bibliography file was created using BibDesk.
%% http://bibdesk.sourceforge.net/


%% Created for Dorothy Kronick at 2020-02-06 15:37:57 -0500 


%% Saved with string encoding Unicode (UTF-8) 



@book{BrokersVoters,
	Author = {Susan C. Stokes and Thad Dunning and Marcelo Nazareno and Valeria Brusco},
	Date-Added = {2020-02-06 15:36:58 -0500},
	Date-Modified = {2020-02-06 15:37:56 -0500},
	Publisher = {Cambridge University Press},
	Title = {Voters, Brokers, and Clientelism: The Puzzle of Distributive Politics},
	Year = {2013}}

@article{AriasAPSR,
	Author = {Eric Arias and Pablo Bal{\'a}n and Horacio Larreguy and John Marshall},
	Date-Added = {2020-02-06 15:21:13 -0500},
	Date-Modified = {2020-02-06 15:21:42 -0500},
	Journal = {American Political Science Review},
	Title = {Information Provision, Voter Coordination, and Electoral Accountability: Evidence from Mexican Social Networks},
	Year = {2019}}

@article{LarsonLewisPSRM,
	Author = {Jennifer Larson and Janet Lewis},
	Date-Added = {2020-02-06 15:08:02 -0500},
	Date-Modified = {2020-02-06 15:08:28 -0500},
	Journal = {Political Science Research and Methods},
	Title = {Measuring networks in the field},
	Year = {2020}}

@book{RolfeBook,
	Author = {Meredith Rolfe},
	Date-Added = {2020-02-06 13:55:01 -0500},
	Date-Modified = {2020-02-06 13:55:55 -0500},
	Publisher = {Cambridge University Press},
	Title = {Voter Turnout: A Social Theory of Political Participation},
	Year = {2012}}

@article{NickersonAPSR,
	Author = {David Nickerson},
	Date-Added = {2020-02-06 13:53:57 -0500},
	Date-Modified = {2020-02-06 13:54:20 -0500},
	Journal = {American Political Science Review},
	Title = {Is Voting Contagious? Evidence from Two Field Experiments},
	Year = {2008}}

@article{LarsonLewis,
	Author = {Jennifer Larson and Janet Lewis},
	Date-Added = {2020-02-06 12:51:09 -0500},
	Date-Modified = {2020-02-06 12:51:44 -0500},
	Journal = {American Journal of Political Science},
	Title = {Ethnic Networks},
	Year = {2017}}

@article{CantoniHongKong,
	Author = {Davide Cantoni and David Y Yang and Noam Yuchtman and Y Jane Zhang},
	Date-Added = {2020-01-28 15:01:51 -0500},
	Date-Modified = {2020-01-28 15:02:31 -0500},
	Journal = {The Quarterly Journal of Economics},
	Title = {Protests as Strategic Games: Experimental Evidence from Hong Kong's Antiauthoritarian Movement},
	Year = {2019}}

@article{BanerjeeMicrofinance,
	Author = {Abhijit Banerjee and Arun G. Chandrasekhar and Esther Duflo1 and Matthew O. Jackson},
	Date-Added = {2020-01-28 13:45:53 -0500},
	Date-Modified = {2020-01-28 13:46:30 -0500},
	Journal = {Science},
	Title = {The Diffusion of Microfinance},
	Year = {2013}}

@article{ArugueteCalvo2018,
	Author = {Natalia Aruguete and Ernesto Calvo},
	Date-Added = {2020-01-24 15:21:17 -0500},
	Date-Modified = {2020-01-24 15:30:04 -0500},
	Journal = {Journal of Communication},
	Title = {Time to\# protest: Selective exposure, cascading activation, and framing in social media},
	Year = {2018}}

@article{UjhelyiCalvo,
	Author = {Gergely Ujhelyi and Ernesto Calvo},
	Date-Added = {2020-01-24 15:18:42 -0500},
	Date-Modified = {2020-01-24 15:19:22 -0500},
	Journal = {Working Paper},
	Title = {Political Screening: Theory and Evidence from the Argentine Public Sector},
	Year = {2011}}

@book{Auyero2000,
	Author = {Javier Auyero},
	Date-Added = {2020-01-24 15:17:11 -0500},
	Date-Modified = {2020-01-24 15:17:42 -0500},
	Publisher = {Duke University Press},
	Title = {Poor People's Politics: Peronist Survival Networks and the Legacy of Evita},
	Year = {2000}}

@article{Munger,
	Author = {Kevin Munger and Richard Bonneau and Jonathan Nagler and Joshua Tucker},
	Date-Added = {2020-01-24 14:38:56 -0500},
	Date-Modified = {2020-01-24 14:39:28 -0500},
	Journal = {Political Science Research and Methods},
	Title = {Elites Tweet to Get Feet Off the Streets: Measuring Regime Social Media Strategies During Protest},
	Year = {2019}}

@article{MainwaringPoP,
	Author = {Scott Mainwaring},
	Date-Added = {2020-01-24 14:37:41 -0500},
	Date-Modified = {2020-01-24 14:38:12 -0500},
	Journal = {Perspectives on Politics},
	Title = {From Representative Democracy to Participatory Competitive Authoritarianism: Hugo Ch{\'a}vez and Venezuelan Politics},
	Year = {2012}}

@book{CorralesPenfold,
	Author = {Javier Corrales and Michael Penfold-Becerra},
	Date-Added = {2020-01-24 14:36:32 -0500},
	Date-Modified = {2020-01-24 14:37:20 -0500},
	Publisher = {Brookings Institution Press},
	Title = {Dragon in the tropics: Hugo Ch{\'a}vez and the political economy of revolution in Venezuela},
	Year = {2011}}

@article{CalvoMurillo,
	Author = {Ernesto Calvo and Maria Victoria Murillo},
	Date-Added = {2020-01-24 14:15:17 -0500},
	Date-Modified = {2020-01-24 14:15:55 -0500},
	Journal = {Comparative Political Studies},
	Title = {When parties meet voters: Assessing political linkages through partisan networks and distributive expectations in Argentina and Chile},
	Year = {2013}}

@article{EnikopolovProtestExp,
	Author = {Ruben Enikopolov and Alexey Makarin and Maria Petrova and Leonid Polishchuk},
	Date-Added = {2020-01-23 12:51:22 -0500},
	Date-Modified = {2020-01-23 12:52:01 -0500},
	Journal = {Working Paper},
	Title = {Social Image, Networks, and Protest Participation},
	Year = {2017}}

@article{Arielyetal,
	Author = {Dan Ariely and Anat Bracha and Stephan Meier},
	Date-Added = {2020-01-23 12:43:46 -0500},
	Date-Modified = {2020-01-23 12:44:18 -0500},
	Journal = {American Economic Review},
	Title = {Doing Good or Doing Well? Image Motivation and Monetary Incentives in Behaving Prosocially},
	Year = {2009}}

@article{RPTTax,
	Author = {Ricardo Perez-Truglia and Ugo Troiano},
	Date-Added = {2020-01-23 12:34:23 -0500},
	Date-Modified = {2020-01-23 12:35:10 -0500},
	Journal = {Journal of Public Economics},
	Title = {Shaming tax delinquents},
	Year = {2018}}

@article{PolContributions,
	Author = {Ricardo Perez-Truglia and Guillermo Cruces},
	Date-Added = {2020-01-23 12:25:33 -0500},
	Date-Modified = {2020-01-23 12:26:16 -0500},
	Journal = {Journal of Political Economy},
	Title = {Partisan Interactions: Evidence from a Field Experiment in the United States},
	Year = {2017}}

@article{PalerPetition,
	Author = {Laura Paler and Leslie Marshall and Sami Atallah},
	Date-Added = {2020-01-23 12:18:07 -0500},
	Date-Modified = {2020-01-23 12:18:44 -0500},
	Journal = {The Journal of Politics},
	Title = {The Social Costs of Public Political Participation: Evidence from a Petition Experiment in Lebanon},
	Year = {2018}}

@article{Eubank2019,
	Author = {Nicholas Eubank},
	Date-Added = {2019-07-31 11:43:11 -0700},
	Date-Modified = {2019-07-31 11:43:45 -0700},
	Journal = {Quarterly Journal of Political Science},
	Title = {Social Networks and the Political Salience of Ethnicity},
	Year = {2019}}

@book{EagleEtAl,
	Author = {Nathan Eagle and Sandy Pentland and and David Lazer},
	Date-Added = {2019-07-31 10:25:34 -0700},
	Date-Modified = {2019-07-31 10:26:11 -0700},
	Publisher = {Proceedings of the National Academy of Sciences},
	Title = {Inferring friendship network structure by using mobile phone data},
	Year = {2009}}

@book{Velasco2015,
	Author = {Alejandro Velasco},
	Date-Added = {2019-07-31 09:14:00 -0700},
	Date-Modified = {2019-07-31 09:15:50 -0700},
	Publisher = {The University of California Press},
	Title = {Barrio Rising: Urban Popular Politics and the Making of Modern Venezuela},
	Year = {2015}}

@book{AytacStokes,
	Author = {S. Erdem Ayta{\c c} and Susan C. Stokes},
	Date-Added = {2019-07-31 09:11:30 -0700},
	Date-Modified = {2019-07-31 09:13:19 -0700},
	Publisher = {Cambridge University Press},
	Title = {Why Bother?: Rethinking Participation in Elections and Protests},
	Year = {2019}}

@article{JacksonAER,
	Author = {Matthew O. Jackson and Tomas Rodriguez-Barraquer and Xu Tan},
	Date-Added = {2018-10-30 11:14:04 -0400},
	Date-Modified = {2018-10-30 11:14:39 -0400},
	Journal = {American Economic Review},
	Title = {Social capital and social quilts: Network patterns of favor exchange},
	Year = {2012}}

@article{FerraliUganda,
	Author = {Romain Ferrali and Guy Grossman and Melina Platas and Jonathan Rodden},
	Date-Added = {2018-10-30 10:57:35 -0400},
	Date-Modified = {2020-02-06 12:55:57 -0500},
	Journal = {American Journal of Political Science},
	Title = {It Takes a Village: Peer Effects and Externalities in Technology Adoption},
	Year = {2019}}

@article{JacksonJEL,
	Author = {Matthew O. Jackson and Brian W. Rogers and Yves Zenou},
	Date-Added = {2018-10-26 10:53:24 -0400},
	Date-Modified = {2018-10-26 10:54:05 -0400},
	Journal = {Journal of Economic Literature},
	Title = {The Economic Consequences of Social-Network Structure},
	Year = {2017}}

@article{EnikopolovVK,
	Author = {Ruben Enikopolov and Alexey Makarin and Maria Petrova},
	Date-Added = {2018-10-25 08:55:08 -0400},
	Date-Modified = {2019-08-01 12:36:21 -0700},
	Journal = {Working Paper},
	Pages = {https://ssrn.com/abstract=2696236},
	Title = {Social Media and Protest Participation: Evidence from Russia},
	Year = {2017}}

@article{MummoloPeterson,
	Author = {Jonathan Mummolo and Erik Peterson},
	Date-Added = {2018-10-17 15:35:49 -0400},
	Date-Modified = {2018-10-17 15:36:22 -0400},
	Journal = {Political Science Research and Methods},
	Title = {Improving the Interpretation of Fixed Effects Regression Results},
	Year = {2018}}

@article{Toro2014,
	Author = {Francisco Toro},
	Date-Added = {2018-09-06 07:09:31 -0400},
	Date-Modified = {2018-09-06 07:09:52 -0400},
	Journal = {The New York Times},
	Title = {Rash Repression in Venezuela},
	Year = {2014}}

@article{AlbertusMaisanta,
	Author = {Micahel Albertus},
	Date-Added = {2018-09-06 07:04:59 -0400},
	Date-Modified = {2018-09-06 07:05:38 -0400},
	Journal = {Comparative Political Studies},
	Title = {The role of subnational politicains in distributive politics: political bias in Venezuela's land reform under Ch{\'a}vez},
	Year = {2015}}

@article{JacksonTypology,
	Author = {Matthew O. Jackson},
	Date-Added = {2018-08-10 07:45:59 -0400},
	Date-Modified = {2020-02-04 09:49:47 -0500},
	Journal = {Social Choice and Welfare},
	Title = {A Typology of Social Capital and Associated Network Measures},
	Year = {2019}}

@book{JacksonBook,
	Author = {Matthew O. Jackson},
	Date-Added = {2018-08-10 07:40:28 -0400},
	Date-Modified = {2018-08-10 07:40:52 -0400},
	Publisher = {Princeton University Press},
	Title = {Social and Economic Networks},
	Year = {2008}}

@article{PetitionNoticia,
	Author = {{Noticia al D\'{i}a}},
	Date-Added = {2018-08-06 14:48:11 -0400},
	Date-Modified = {2018-08-06 14:49:27 -0400},
	Journal = {https://bit.ly/2M8bFwP},
	Title = {As{\'\i} se desarrolla en Maracaibo el segundo d{\'\i}a de recolecci{\'o}n de firmas para el revocatorio},
	Year = {2016}}

@misc{TrinkunasTragedy,
	Author = {Harold Trinkunas},
	Date-Added = {2018-07-31 13:33:30 +0000},
	Date-Modified = {2018-07-31 13:34:02 +0000},
	Howpublished = {Foreign Affairs},
	Month = {January},
	Title = {The Tragedy of the Venezuelan Opposition},
	Year = {2018}}

@article{Gonzalez2017,
	Author = {Felipe Gonzalez},
	Date-Added = {2018-07-06 12:57:45 +0000},
	Date-Modified = {2019-08-01 12:38:29 -0700},
	Journal = {Working Paper},
	Pages = {https://ssrn.com/abstract=2943760},
	Title = {Collective Action in Networks: Evidence from the Chilean Student Movement},
	Year = {2017}}

@article{Maisanta,
	Author = {Chang-Tai Hsieh and Edward Miguel and Daniel Ortega and Francisco Rodriguez},
	Date-Added = {2018-06-19 15:01:57 +0000},
	Date-Modified = {2018-06-19 15:02:54 +0000},
	Journal = {American Economic Journal: Applied Economics},
	Title = {The Price of Political Opposition: Evidence from Venezuela's Maisanta},
	Year = {2011}}

@article{frod2017,
	Author = {Francisco Rodriguez},
	Date-Added = {2018-04-26 12:54:15 +0000},
	Date-Modified = {2018-04-26 12:54:54 +0000},
	Journal = {Democracy Now},
	Title = {As U.S. Sanctions Maduro and Hints at Regime Change, a Debate on Resolving the Crisis in Venezuela},
	Year = {2017}}

@article{Toro2016,
	Author = {Francisco Toro},
	Date-Added = {2018-04-26 12:53:13 +0000},
	Date-Modified = {2018-04-26 12:53:40 +0000},
	Journal = {Caracas Chronicles},
	Title = {Signed, Sealed, and Delivered},
	Year = {2016}}

@article{datanalisis2016,
	Author = {Datanalisis},
	Date-Added = {2018-04-26 12:46:13 +0000},
	Date-Modified = {2018-04-26 12:47:41 +0000},
	Journal = {Primer Trimestre},
	Title = {Encuesta {\'O}mnibus},
	Year = {2016}}

@article{kronick2015,
	Author = {Dorothy Kronick},
	Date-Added = {2018-04-26 12:44:45 +0000},
	Date-Modified = {2018-04-26 12:45:28 +0000},
	Journal = {The Washington Post},
	Title = {Why would a president wreck the economy before an election?},
	Year = {2015}}

@article{boothseligson2006,
	Author = {John A. Booth and Mitchell A. Seligson},
	Date-Added = {2018-04-26 12:42:12 +0000},
	Date-Modified = {2018-04-26 12:43:01 +0000},
	Journal = {Duke University Workshop on Poverty and Democracy},
	Title = {Inequality and Democracy in Latin America: Individual and Contextual Effects of Wealth on Political Participation},
	Year = {2006}}

@article{wolitzky2012,
	Author = {Alexander Wolitzky},
	Date-Added = {2018-04-26 12:37:31 +0000},
	Date-Modified = {2018-04-26 12:37:59 +0000},
	Journal = {Review of Economic Studies},
	Title = {Cooperation with Network Monitoring},
	Year = {2012}}

@book{FanGijbels,
	Author = {J. Fan and I. Gijbels},
	Date-Added = {2017-11-19 00:30:07 +0000},
	Date-Modified = {2017-11-19 00:30:07 +0000},
	Publisher = {CRC Press},
	Title = {Local Polynomial Modelling and its Applications},
	Year = {1996}}

@article{FRod2016,
	Author = {Francisco Rodriguez},
	Date-Added = {2017-11-19 00:21:29 +0000},
	Date-Modified = {2017-11-19 00:22:09 +0000},
	Journal = {Torino Capital Venezuela this Week},
	Title = {Chronicle of a March Foretold},
	Year = {2016}}

@article{Larson2017,
	Author = {Jennifer Larson},
	Date-Added = {2017-11-19 00:19:27 +0000},
	Date-Modified = {2017-11-19 00:19:56 +0000},
	Journal = {Journal of Politics},
	Title = {Networks and Interethnic Cooperation},
	Year = {2017}}

@article{FearonLaitin1996,
	Author = {James Fearon and David Laitin},
	Date-Added = {2017-11-19 00:18:02 +0000},
	Date-Modified = {2017-11-19 00:18:38 +0000},
	Journal = {American Political Science Review},
	Title = {Explaining interethnic cooperation},
	Year = {1996}}

@book{Ostrom1990,
	Author = {Elinor Ostrom},
	Date-Added = {2017-11-19 00:15:11 +0000},
	Date-Modified = {2017-11-19 00:17:16 +0000},
	Publisher = {Cambridge University Press},
	Title = {Governing the Commons: The Evolution of Institutions for Collective Action},
	Year = {1990}}

@book{Hirschman1982,
	Author = {Albert O. Hirschman},
	Date-Added = {2017-11-19 00:12:04 +0000},
	Date-Modified = {2017-11-19 00:12:43 +0000},
	Publisher = {Princeton University Press},
	Title = {Shifting Involvements: Private Interest and Public Action},
	Year = {1982}}

@incollection{OlsonDictionary,
	Author = {Mancur Olson},
	Booktitle = {The New Palgrave Dictionary of Economics},
	Date-Added = {2017-11-19 00:09:13 +0000},
	Date-Modified = {2017-11-19 00:10:14 +0000},
	Editor = {Steven Durlauf and Lawrence Blume},
	Publisher = {Palgrave MacMillan},
	Title = {Collective Action},
	Year = {2008}}

@book{OlsonBook,
	Author = {Mancur Olson},
	Date-Added = {2017-11-18 23:59:58 +0000},
	Date-Modified = {2017-11-19 00:00:36 +0000},
	Publisher = {Harvard University Press},
	Title = {The Logic of Collective Action},
	Year = {1965}}

@book{Valesco:2015ty,
	Address = {Oakland, CA},
	Author = {Valesco, Alejandro},
	Month = may,
	Publisher = {University of California Press},
	Title = {{Barrio Rising: \textbf{Urban Popular Politics and the Making of Modern Venezuela}}},
	Year = {2015}}
